@inproceedings{batcher1968sorting,
  title={Sorting networks and their applications},
  author={Batcher, Kenneth E},
  booktitle={Proceedings of the April 30--May 2, 1968, spring joint computer conference},
  pages={307--314},
  year={1968}
}

@misc{ofr,
title={Open Finance Revisited: Strengthening Data Governance with Cryptographic Privacy and Auditability},
author={Yashvanth Kondi and Kush Kanwar and Siddharth Shetty and Anurag Arjun and Jay Prakash},
year={2024},
howpublished={\url{https://hackmd.io/p7uDvlbRQfaRZrHXpLSaMg}}
}

@misc{aa,
title={Account Aggregators},
author={Sahamati},
howpublished={\url{https://sahamati.org.in/account-aggregators/}}
}

@misc{fair_use,
title={AA Fair Use Library},
author={Sahamati},
howpublished={\url{https://sahamati.org.in/aa-fair-use-template-library/}}
}

@misc{EPRINT:GYWYL23,
	author = {Xiaojie Guo and Kang Yang and Xiao Wang and Yu Yu and Zheli Liu},
	title = {Unmodified Half-Gates is Adaptively Secure - So is Unmodified Three-Halves},
	howpublished = {\url{https://eprint.iacr.org/2023/1528}},
	year = {2023}
}

@inproceedings{Har03,
  author={Harris, D.},
  booktitle={The Thrity-Seventh Asilomar Conference on Signals, Systems \& Computers, 2003}, 
  title={A taxonomy of parallel prefix networks}, 
  year={2003},
  volume={2},
  number={},
  pages={2213-2217 Vol.2},
  keywords={Taxonomy;Delay;Adders;Wiring;Logic;Circuits;Educational institutions;Sun;Laboratories;Computer architecture},
  doi={10.1109/ACSSC.2003.1292373}}

  @misc{ Wiki2sComp,
    author = "{Wikipedia contributors}",
    title = "Two's complement --- {Wikipedia}{,} The Free Encyclopedia",
    year = "2025",
    url = "https://en.wikipedia.org/w/index.php?title=Two%27s_complement&oldid=1273097655",
    note = "[Online; accessed 4-February-2025]"
  }
