@inproceedings{batcher1968sorting,
  title={Sorting networks and their applications},
  author={Batcher, Kenneth E},
  booktitle={Proceedings of the April 30--May 2, 1968, spring joint computer conference},
  pages={307--314},
  year={1968}
}

@misc{ofr,
title={Open Finance Revisited: Strengthening Data Governance with Cryptographic Privacy and Auditability},
author={Yashvanth Kondi and Kush Kanwar and Siddharth Shetty and Anurag Arjun and Jay Prakash},
year={2024},
howpublished={\url{https://hackmd.io/p7uDvlbRQfaRZrHXpLSaMg}}
}

@misc{aa,
title={Account Aggregators},
author={Sahamati},
howpublished={\url{https://sahamati.org.in/account-aggregators/}}
}

@misc{fair_use,
title={AA Fair Use Library},
author={Sahamati},
howpublished={\url{https://sahamati.org.in/aa-fair-use-template-library/}}
}